<?xml version="1.0" encoding="UTF-8"?><collection xmlns="http://www.loc.gov/MARC21/slim"><record><leader>00463nam--2200145-i-4500</leader><controlfield tag="001">000023066</controlfield><controlfield tag="002">20161230</controlfield><controlfield tag="005">20161230201034</controlfield><controlfield tag="008">060222s1000------------r-----000-0-eng-d</controlfield><datafield ind1=" " ind2=" " tag="080"><subfield code="a">550.835</subfield></datafield><datafield ind1=" " ind2=" " tag="100"><subfield code="a">Honig, A</subfield></datafield><datafield ind1=" " ind2=" " tag="245"><subfield code="a">Commercial portable gauges for radiometric determination of the density and moisture content of building materials. a comparative sttudy</subfield></datafield><datafield ind1=" " ind2=" " tag="260"><subfield code="a">Vienna, International Atomic Energy Agency, 1971, 210p</subfield></datafield><datafield ind1=" " ind2=" " tag="490"><subfield code="a">130</subfield></datafield><datafield ind1=" " ind2=" " tag="852"><subfield code="a">1875</subfield></datafield></record></collection>